@MISC{kolosoviterated2024,
    author = {{Petro Kolosov}},
    title = {{"Row sums conjecture in iterated rascal triangles}},
    howpublished = {Available electronically at \url {https://github.com/kolosovpetro/RowSumsConjectureInRascalTriangle}},
    year = {2024}
}
