@article{gregory2023iterated,
    title = {Iterated rascal triangles},
    author = {{Gregory, Jena and Kronholm, Brandt and White, Jacob}},
    journal = {{Aequationes mathematicae}},
    pages = {1--18},
    year = {2023},
    note = {\url {https://doi.org/10.1007/s00010-023-00987-6}},
    publisher = {{Springer}}
}

@article{anggoro2010rascal,
    title = {{The Rascal Triangle}},
    author = {{Anggoro, Alif and Liu, Eddy and Tulloch, Angus}},
    journal = {{The College Mathematics Journal}},
    volume = {41},
    number = {5},
    pages = {393--395},
    year = {2010},
    note = {\url {https://doi.org/10.4169/074683410X521991}},
    publisher = {Taylor \& Francis}
}
